@article{WWW,
  doi = {10.1016/s0168-9002(99)01301-7},
  url = {https://doi.org/10.1016/s0168-9002(99)01301-7},
  year  = {2000},
  month = {jul},
  publisher = {Elsevier {BV}},
  volume = {449},
  number = {1-2},
  pages = {288--294},
  author = {W. Walkowiak},
  title = {Drift velocity of free electrons in liquid argon},
  journal = {Nuclear Instruments and Methods in Physics Research Section A: Accelerators,  Spectrometers,  Detectors and Associated Equipment}
}
